<?xml version="1.0" encoding="UTF-8"?>
<record xmlns="http://www.loc.gov/MARC21/slim">
   <leader>00780cam a22002175  4500</leader>
   <controlfield tag="001">2752950</controlfield>
   <controlfield tag="003">NjP</controlfield>
   <controlfield tag="005">20100809214548.0</controlfield>
   <controlfield tag="008">880202s1963    sy a     b    000 0 arard</controlfield>
   <datafield tag="024" ind1="7" ind2=" ">
      <subfield code="a">princeton_aco004857</subfield>
      <subfield code="2">local</subfield>
   </datafield>
   <datafield ind1=" " ind2=" " tag="035">
      <subfield code="a">(OCoLC)ocm17421397</subfield>
   </datafield>
   <datafield ind1=" " ind2=" " tag="035">
      <subfield code="9">CNE5715TS</subfield>
   </datafield>
   <datafield ind1=" " ind2=" " tag="040">
      <subfield code="a">WAU</subfield>
      <subfield code="c">WAU</subfield>
      <subfield code="d">PUL</subfield>
   </datafield>
   <datafield ind1="1" ind2=" " tag="100">
      <subfield code="a">Jundī, ʻAdnān.</subfield>
   </datafield>
   <datafield ind1="1" ind2="3" tag="245">
      <subfield code="a">al-Fann al-ʻAmmūrī</subfield>
      <subfield code="c">[taʾlīf] ʻAdnān al-Jundī.</subfield>
   </datafield>
   <datafield ind1=" " ind2=" " tag="260">
      <subfield code="a">[Dimashq,</subfield>
      <subfield code="b">al-Majlis al-Aʻlá li-Riʻayāt al-Funūn wa-al-Ādāb wa-al-ʻUlūm al-Ijtimāʻīyah,</subfield>
      <subfield code="c">1963]</subfield>
   </datafield>
   <datafield ind1=" " ind2=" " tag="300">
      <subfield code="a">77 p.</subfield>
      <subfield code="b">illus.</subfield>
      <subfield code="c">20 cm.</subfield>
   </datafield>
   <datafield ind1="0" ind2=" " tag="490">
      <subfield code="a">Silsilat Tārīkh al-Fann fī Sūrīyah,</subfield>
      <subfield code="v">2</subfield>
   </datafield>
   <datafield ind1=" " ind2=" " tag="504">
      <subfield code="a">Bibliography: p. 49.</subfield>
   </datafield>
   <datafield ind1=" " ind2="0" tag="650">
      <subfield code="a">Art, Amorite.</subfield>
   </datafield>
   <datafield ind1=" " ind2=" " tag="945">
      <subfield code="a">F</subfield>
      <subfield code="b">1</subfield>
      <subfield code="c">2271.505708.333</subfield>
   </datafield>
   <datafield ind1=" " ind2=" " tag="911">
      <subfield code="a">20000130</subfield>
   </datafield>
   <datafield ind1="0" ind2="0" tag="852">
      <subfield code="0">3063684</subfield>
      <subfield code="b">rcppa</subfield>
      <subfield code="t">1</subfield>
      <subfield code="h">N7425.8.A73</subfield>
      <subfield code="i">J863 1963</subfield>
      <subfield code="x">tr fr nec</subfield>
   </datafield>
   <datafield ind1=" " ind2=" " tag="959">
      <subfield code="a">2009-06-30 14:11:51 -0400</subfield>
   </datafield>
</record>
